<record><leader>00000cas a22000007a 4500</leader><controlfield tag="001">13776178</controlfield><controlfield tag="008">860625d18981906nvuwr ne      0    0eng d</controlfield><datafield ind1=" " ind2=" " tag="010"><subfield code="a">sn 86076262 </subfield></datafield><datafield ind1=" " ind2=" " tag="040"><subfield code="a">NNX</subfield><subfield code="b">eng</subfield><subfield code="c">NNX</subfield><subfield code="d">OCLCQ</subfield><subfield code="d">OCLCF</subfield><subfield code="d">OCLCO</subfield></datafield><datafield ind1="1" ind2=" " tag="029"><subfield code="a">AU@</subfield><subfield code="b">000023482688</subfield></datafield><datafield ind1=" " ind2=" " tag="042"><subfield code="a">msc</subfield></datafield><datafield ind1=" " ind2=" " tag="043"><subfield code="a">n-us-nv</subfield></datafield><datafield ind1="0" ind2="4" tag="245"><subfield code="a">The Delamar lode.</subfield></datafield><datafield ind1="3" ind2="0" tag="246"><subfield code="a">Lode</subfield></datafield><datafield ind1=" " ind2=" " tag="260"><subfield code="a">Delamar, Nev. :</subfield><subfield code="b">E. Goodrich,</subfield><subfield code="c">-1906.</subfield></datafield><datafield ind1=" " ind2=" " tag="300"><subfield code="a">v. :</subfield><subfield code="b">ill.</subfield></datafield><datafield ind1=" " ind2=" " tag="310"><subfield code="a">Weekly,</subfield><subfield code="b">Dec. 13, 1898-June 19, 1906</subfield></datafield><datafield ind1=" " ind2=" " tag="321"><subfield code="a">Weekly,</subfield><subfield code="b">&lt;July 26, 1898&gt;-Aug. 30, 1898</subfield></datafield><datafield ind1=" " ind2=" " tag="321"><subfield code="a">Semiweekly,</subfield><subfield code="b">Sept. 6, 1898-Dec. 6, 1898</subfield></datafield><datafield ind1="0" ind2=" " tag="362"><subfield code="a">-v. 21, no. 24 (June 19, 1906).</subfield></datafield><datafield ind1="1" ind2=" " tag="362"><subfield code="a">Began in July 1898.</subfield></datafield><datafield ind1=" " ind2=" " tag="500"><subfield code="a">Published by: C.J. Pettee, Aug. 9, 1898-June 26, 1900; J. Pettee, July 3, 1900-Feb. 24, 1903; Lincoln County Pub. Co., Mar. 3, 1903-June 19, 1906.</subfield></datafield><datafield ind1=" " ind2=" " tag="515"><subfield code="a">Some issues numbered incorrectly.</subfield></datafield><datafield ind1=" " ind2=" " tag="525"><subfield code="a">Supplements accompany some issues.</subfield></datafield><datafield ind1=" " ind2=" " tag="588"><subfield code="a">Description based on: Vol. 8, no. 101 (July 26, 1898).</subfield></datafield><datafield ind1=" " ind2="0" tag="651"><subfield code="a">Delamar (Nev.)</subfield><subfield code="v">Newspapers.</subfield></datafield><datafield ind1=" " ind2="7" tag="655"><subfield code="a">Newspapers.</subfield><subfield code="2">fast</subfield><subfield code="0">(OCoLC)fst01423814</subfield></datafield><datafield ind1=" " ind2="7" tag="651"><subfield code="a">Nevada</subfield><subfield code="z">Delamar.</subfield><subfield code="2">fast</subfield><subfield code="0">(OCoLC)fst01869458</subfield></datafield><datafield ind1=" " ind2=" " tag="752"><subfield code="a">United States</subfield><subfield code="b">Nevada</subfield><subfield code="c">Lincoln</subfield><subfield code="d">Delamar.</subfield></datafield><datafield ind1="0" ind2="0" tag="780"><subfield code="t">Daily &amp; weekly lode</subfield><subfield code="w">(DLC)sn 86076261</subfield></datafield><datafield ind1="0" ind2="7" tag="785"><subfield code="t">Caliente express</subfield><subfield code="w">(DLC)sn 86076211</subfield><subfield code="w">(OCoLC)13754680</subfield></datafield><datafield ind1="0" ind2="7" tag="785"><subfield code="t">Caliente lode-express</subfield><subfield code="w">(DLC)sn 86076258</subfield><subfield code="w">(OCoLC)13775454</subfield></datafield></record>